<?xml version="1.0" encoding="UTF-8" ?>
<collection xmlns:xsi="http://www.w3.org/2001/XMLSchema-instance"
    xsi:schemaLocation="http://www.loc.gov/MARC21/slim
        http://www.loc.gov/standards/marcxml/schema/MARC21slim.xsd"
    xmlns="http://www.loc.gov/MARC21/slim">
<record>
  <leader>00232cam a2200433 i 4500</leader>
  <controlfield tag="001">b12316222</controlfield>
  <controlfield tag="003">LeBAU</controlfield>
  <controlfield tag="005">20130926</controlfield>
  <controlfield tag="008">970117s1947    iq acf        ||0 0 ara d</controlfield>
  <datafield tag="035" ind1=" " ind2=" ">
    <subfield code="a">ocn784186876</subfield>
  </datafield>
  <datafield tag="040" ind1=" " ind2=" ">
    <subfield code="a">LEAUB</subfield>
    <subfield code="b">ara</subfield>
    <subfield code="e">rda</subfield>
    <subfield code="c">LEAUB</subfield>
    <subfield code="d">LEAUB</subfield>
  </datafield>
  <datafield tag="041" ind1="1" ind2=" ">
    <subfield code="a">ara</subfield>
    <subfield code="h">eng</subfield>
  </datafield>
  <datafield tag="082" ind1="0" ind2="4">
    <subfield code="a">104</subfield>
    <subfield code="2">20</subfield>
  </datafield>
  <datafield tag="100" ind1="1" ind2=" ">
    <subfield code="6">880-01</subfield>
    <subfield code="a">Russell, Bertrand,</subfield>
    <subfield code="d">1872-1970,</subfield>
    <subfield code="e">author.</subfield>
  </datafield>
  <datafield tag="240" ind1="1" ind2="0">
    <subfield code="a">Problems of philosophy.</subfield>
    <subfield code="l">Arabic</subfield>
  </datafield>
  <datafield tag="245" ind1="1" ind2="0">
    <subfield code="6">880-02</subfield>
    <subfield code="a">Mashākil al-falsafah /</subfield>
    <subfield code="c">ta’līf al-Faylasūf al-Inglīzī al-mu‘āṣir Birtirānd Rasil, ustādh al-falsafah bi-jāmi‘āt Landan wa-Kalīfūrniyā wa-Niyū Yūrk ;  naqalahu ilá al-‘Arabīyah ‘Abd al-‘Azīz al-Bassām, ‘uḍw al-bi‘thah al-‘Irāqīyah bi-Jāmi‘at Landan, Maḥmūd Ibrāhīm Muḥammad, mudarris bi-Dār al-Mu‘allimīn al-Ibtidā’īyah.</subfield>
  </datafield>
  <datafield tag="264" ind1=" " ind2="1">
    <subfield code="6">880-03</subfield>
    <subfield code="a">[al-‘Irāq] :</subfield>
    <subfield code="b">Maṭba‘at al-Sha‘b,</subfield>
    <subfield code="c">1947.</subfield>
  </datafield>
  <datafield tag="300" ind1=" " ind2=" ">
    <subfield code="6">880-04</subfield>
    <subfield code="a">a-ṣ, 144 pages, 1 unnumbered page of plates :</subfield>
    <subfield code="b">illustrations, portrait ;</subfield>
    <subfield code="c">20 cm</subfield>
  </datafield>
  <datafield tag="336" ind1=" " ind2=" ">
    <subfield code="a">text</subfield>
    <subfield code="b">txt</subfield>
    <subfield code="2">rdacontent</subfield>
  </datafield>
  <datafield tag="336" ind1=" " ind2=" ">
    <subfield code="a">still image</subfield>
    <subfield code="b">sti</subfield>
    <subfield code="2">rdacontent</subfield>
  </datafield>
  <datafield tag="337" ind1=" " ind2=" ">
    <subfield code="a">unmediated</subfield>
    <subfield code="b">n</subfield>
    <subfield code="2">rdamedia</subfield>
  </datafield>
  <datafield tag="338" ind1=" " ind2=" ">
    <subfield code="a">volume</subfield>
    <subfield code="b">nc</subfield>
    <subfield code="2">rdacarrier</subfield>
  </datafield>
  <datafield tag="650" ind1=" " ind2="4">
    <subfield code="a">الفلسفة.</subfield>
  </datafield>
  <datafield tag="650" ind1=" " ind2="0">
    <subfield code="a">Philosophy.</subfield>
  </datafield>
  <datafield tag="700" ind1="1" ind2=" ">
    <subfield code="6">880-05</subfield>
    <subfield code="a">Bassām, ‘Abd al-‘Azīz,</subfield>
    <subfield code="e">translator.</subfield>
  </datafield>
  <datafield tag="700" ind1="1" ind2=" ">
    <subfield code="6">880-06</subfield>
    <subfield code="a">Muḥammad, Maḥmūd Ibrāhīm,</subfield>
    <subfield code="e">translator.</subfield>
  </datafield>
  <datafield tag="765" ind1="0" ind2=" ">
    <subfield code="6">880-07</subfield>
    <subfield code="i">ترجمة كتاب:</subfield>
    <subfield code="t">The problems of philosophy.</subfield>
    <subfield code="b">New and rev. ed.</subfield>
    <subfield code="d">London : Williams, 1926</subfield>
    <subfield code="w">(OCoLC)785056357</subfield>
    <subfield code="w">(OCoLC)785056357</subfield>
    <subfield code="a">Translation of:</subfield>
  </datafield>
  <datafield tag="852" ind1=" " ind2=" ">
    <subfield code="a">Jafet Library</subfield>
    <subfield code="e">American University of Beirut, Bliss Street , Beirut, Lebanon.</subfield>
  </datafield>
  <datafield tag="880" ind1="1" ind2=" ">
    <subfield code="6">100-01/(3/r</subfield>
    <subfield code="a">رسل، برتراند،</subfield>
    <subfield code="d">1872-1970،</subfield>
    <subfield code="e">مؤلف. </subfield>
    <subfield code="4">aut.</subfield>
  </datafield>
  <datafield tag="880" ind1="1" ind2="0">
    <subfield code="6">245-02/(3/r</subfield>
    <subfield code="a">مشاكل الفلسفة /</subfield>
    <subfield code="c">تأليف الفيلسوف الإنجليزي المعاصر برتراند رسل، أستاذ الفلسفة بجامعات لندن وكاليفورنيا ونيويورك ؛ نقله الى العربية عبد العزيز البسام، عضو البعثة العراقية بجامعة لندن، محمود إبراهيم محمد، مدرس بدار المعلمين الإبتدائية.</subfield>
  </datafield>
  <datafield tag="880" ind1=" " ind2="1">
    <subfield code="6">264-03/(3/r</subfield>
    <subfield code="a">[العراق] :</subfield>
    <subfield code="b">مطبعة الشعب،</subfield>
    <subfield code="c">1947.</subfield>
  </datafield>
  <datafield tag="880" ind1=" " ind2=" ">
    <subfield code="6">300-04/(3/r</subfield>
    <subfield code="a">أ-ص، 144 صفحة، 1 صفحة لوحات غير مرقمة :</subfield>
    <subfield code="b">مصورات، صورة شخصانية ؛</subfield>
    <subfield code="c">20 سم</subfield>
  </datafield>
  <datafield tag="880" ind1="1" ind2=" ">
    <subfield code="6">700-05/(3/r</subfield>
    <subfield code="a">البسام، عبد العزيز،</subfield>
    <subfield code="e">مترجم. </subfield>
    <subfield code="4">trl.</subfield>
  </datafield>
  <datafield tag="880" ind1="1" ind2=" ">
    <subfield code="6">700-06/(3/r</subfield>
    <subfield code="a">محمد، محمود ابراهيم،</subfield>
    <subfield code="e">مترجم. </subfield>
    <subfield code="4">trl.</subfield>
  </datafield>
  <datafield tag="880" ind1="0" ind2=" ">
    <subfield code="6">765-07/(3/r</subfield>
    <subfield code="a">Translation of:</subfield>
    <subfield code="t">The problems of philosophy.</subfield>
    <subfield code="b">New and rev. ed.</subfield>
    <subfield code="d">London : Williams, 1926</subfield>
    <subfield code="w">b10459297</subfield>
    <subfield code="w">(OCoLC)785056357</subfield>
  </datafield>
  <datafield tag="907" ind1=" " ind2=" ">
    <subfield code="a">.b12316222</subfield>
    <subfield code="b">16-08-08</subfield>
    <subfield code="c">11-05-24</subfield>
  </datafield>
  <datafield tag="907" ind1=" " ind2=" ">
    <subfield code="a">.b12316222</subfield>
    <subfield code="b">15-10-15</subfield>
    <subfield code="c">11-05-24</subfield>
  </datafield>
  <datafield tag="945" ind1=" " ind2=" ">
    <subfield code="f">J</subfield>
    <subfield code="a">104:R96pA:c.1</subfield>
    <subfield code="g">1</subfield>
    <subfield code="i">01001129                                                                                                                                                                                                                                                                                                                                                                                                                                                                                                                                                                                                                                                                                                                                         </subfield>
    <subfield code="j">.i12744670</subfield>
    <subfield code="l">u0503</subfield>
  </datafield>
  <datafield tag="998" ind1=" " ind2=" ">
    <subfield code="a">u05</subfield>
    <subfield code="b">97-01-17</subfield>
    <subfield code="c">m</subfield>
    <subfield code="d">a</subfield>
    <subfield code="e">-</subfield>
    <subfield code="f">ara</subfield>
    <subfield code="g">iq </subfield>
    <subfield code="h">0</subfield>
    <subfield code="i">1</subfield>
  </datafield>
</record>
</collection>
